<?xml version="1.0" encoding="UTF-8"?><collection xmlns="http://www.loc.gov/MARC21/slim"><record><leader>00596nam--2200181-i-4500</leader><controlfield tag="001">000032634</controlfield><controlfield tag="002">20161230</controlfield><controlfield tag="005">20161230201039</controlfield><controlfield tag="008">060222s1000------------r-----000-0-eng-d</controlfield><datafield ind1=" " ind2=" " tag="040"><subfield code="a">IFIN-HH</subfield></datafield><datafield ind1=" " ind2=" " tag="080"><subfield code="a">539.12.01</subfield></datafield><datafield ind1="1" ind2=" " tag="100"><subfield code="a">Meeron, Emmanuel</subfield></datafield><datafield ind1="1" ind2="0" tag="245"><subfield code="a">Physics of many-particle systems. methods and problems</subfield><subfield code="b">The many-body problem. current research and review volume 2</subfield><subfield code="c">Emanuel meeron (ed.)</subfield></datafield><datafield ind1=" " ind2=" " tag="260"><subfield code="a">New York</subfield><subfield code="b">Gordon And Breach</subfield><subfield code="c">1966</subfield></datafield><datafield ind1=" " ind2=" " tag="300"><subfield code="a">IX+688P</subfield></datafield><datafield ind1=" " ind2=" " tag="490"><subfield code="a">The Many-body Problem. Current Research And Review</subfield></datafield><datafield ind1=" " ind2=" " tag="852"><subfield code="a">19785</subfield><subfield code="c">539.141</subfield></datafield><datafield ind1=" " ind2=" " tag="CAT"><subfield code="a">Sys</subfield><subfield code="c">20120417</subfield><subfield code="h">155719</subfield></datafield></record></collection>